% This file was created with JabRef 2.4.2.
% Encoding: UTF8

@book{Rohrer2011,
	address = {Solingen},
	edition = {5.},
	title = {Clevere Tipps für die Projektarbeit - {IT-Berufe:} Abschlussprüfung Teil A},
	isbn = {3882347538},
	url = {http://fiae.link/ClevereTippsFuerDieProjektarbeit},
	publisher = {{U-Form-Verlag}},
	author = {Rohrer, Anselm and Sedlacek, Ramona},
	year = {2011}
}

@misc{Bundesgesetzblatt48,
	title = {Verordnung über die Berufsausbildung im Bereich der Informations- und Telekommunikationstechnik},
	url = {http://fiae.link/VerordnungITBerufe},
	author = {{Regierung der Bundesrepublik Deutschland}},
	month = jul,
	year = {1997},
	pages = {1741--1799}
}

@techreport{BMBF2000,
	address = {Bonn},
	type = {Abschlussbericht},
	title = {Umsetzungshilfen für die neue Prüfungsstruktur der {IT-Berufe}},
	shorttitle = {{BMBF2000}},
	url = {http://fiae.link/UmsetzungshilfenITBerufe},
	author = {{Bundesministerium für Bildung und Forschung}},
	institution = {{Bundesministerium für Bildung und Forschung}},
	month = jul,
	year = {2000},
	pages = {476}
}

@techreport{Grashorn2010,
	address = {Vechta},
	type = {Dokumentation zur Projektarbeit},
	title = {Entwicklung von NatInfo -- Webbasiertes Tool zur Unterstützung der Entwickler},
	author = {Dirk Grashorn},
	institution = {{Alte Oldenburger Krankenversicherung AG}},
	month = apr,
	year = {2010},
}

@misc{MerkblattIHK,
	address = {Oldenburg},
	title = {Merkblatt zur Abschlussprüfung der IT-Berufe},
	author = {{IHK Oldenburg}},
	institution = {{Oldenburgische Industrie- und Handelskammer}},
	month = may,
	year = {2006},
	url = {http://fiae.link/MerkblattDokuOldenburg},
}

@misc{BewertungsmatrikIHK,
	address = {Darmstadt},
	title = {Bewertungsmatrix für Fachinformatiker/innen Anwendungsentwicklung},
	author = {{IHK Darmstadt}},
	institution = {{IHK Darmstadt Rhein Main Neckar}},
	month = mar,
	year = {2011},
	url = {http://fiae.link/BewertungsmatrixDokuDarmstadt},
}

@misc{ISO9126,
	title = {{Software-Engineering} – Qualität von {Software-Produkten} – Teil 1: Qualitätsmodell},
	author = {{ISO/IEC 9126-1}},
	month = jun,
	year = {2001}
}

@BOOKLET{phpDoc,
  title = {{phpDocumentor-Website}},
  author = {{phpdoc.org}},
  lastchecked = {20.04.2010},
  year = {2010},
  owner = {grashorn},
  timestamp = {2010.04.22},
  url = {http://www.phpdoc.org/}
}

@BOOKLET{Symfony,
  title = {Symfony - Open-Source PHP Web Framework},
  author = {{Sensio Labs}},
  lastchecked = {20.04.2010},
  year = {2010},
  owner = {grashorn},
  timestamp = {2010.04.22},
  url = {http://www.symfony-project.org/}
}

@online{Volumes,
    title        = {Docker-Container-Volumes},
    author       = {Volumes, Digital Guide IONOS},
    year         = 2022,
    url          = {https://www.ionos.de/digitalguide/server/knowhow/docker-container-volumes/},
    urldate      = {27.04.2022}
}

@online{Images,
    title        = {Docker-Images},
    author       = {Images, Digital Guide IONOS},
    year         = 2022,
    url          = {https://www.ionos.de/digitalguide/server/knowhow/docker-image/},
    urldate      = {06.07.2022}
}

@online{Authentik,
    title        = {Authentik},
    author       = {Authentik, goauthentik},
    year         = 2023,
    url          = {https://goauthentik.io/},
    urldate      = {11.2023}
}

@online{Composerize,
    title        = {Composerize},
    author       = {Composerize, composerize},
    year         = 2023,
    url          = {https://www.composerize.com/},
    urldate      = {11.2023}
}

@online{BoxTests,
    title        = {BlackBox und WhiteBox},
    author       = {BlackBox und WhiteBox, dev-insider},
    year         = 2023,
    url          = {https://www.dev-insider.de/der-unterschied-zwischen-black-box-und-white-box-test-a-1110525/#:~:text=Black%2DBox%2D%20und%20Glass%2D,k%C3%B6nnen%20sich%20im%20Gegenteil%20erg%C3%A4nzen.&text=White%20Box%20Testing%20und%20Black,der%20zu%20testenden%20Software%20verf%C3%BCgen},
    urldate      = {11.2023}
}

@online{pdca,
    title        = {PDCA-Zyklus},
    author       = {PDCA-Zyklus, der-prozessmanager},
    year         = 2023,
    url          = {https://der-prozessmanager.de/aktuell/wissensdatenbank/pdca-zyklus},
    urldate      = {11.2023}
}

@online{ovhcloud,
    title        = {OVHCloud},
    author       = {OVHCloud, OVHCloud},
    year         = 2023,
    url          = {https://www.ovhcloud.com/de/},
    urldate      = {11.2023}
}

@online{Deloitte,
    title        = {Deloitte},
    author       = {Deloitte, Deloitte},
    year         = 2023,
    url          = {https://www2.deloitte.com/de/de/pages/about-deloitte/articles/zahlen-fakten-de.html},
    urldate      = {11.2023}
}

@online{Wiki,
    title        = {Pay-As-You-Go},
    author       = {Pay-As-You-Go, Wikipedia},
    year         = 2023,
    url          = {https://de.wikipedia.org/wiki/Pay-As-You-Go},
    urldate      = {12.05.2014}
}